@techreport{RFC6176,
  author = {S. Turner and T. Polk},
  title = {Prohibiting Secure Sockets Layer (SSL) Version 2.0},
  howpublished = {Internet Requests for Comments},
  type = {RFC},
  number = {6176},
  year = {2011},
  month = {3},
  issn = {2070-1721},
  publisher = {RFC Editor},
  institution = {RFC Editor},
  url = {http://www.rfc-editor.org/rfc/rfc6176.txt}
}

@techreport{RFC2246,
  author = {Tim Dierks and Christopher Allen},
  title = {The TLS Protocol Version 1.0},
  howpublished = {Internet Requests for Comments},
  type = {RFC},
  number = {2246},
  year = {1999},
  month = {January},
  issn = {2070-1721},
  publisher = {RFC Editor},
  institution = {RFC Editor},
  url = {http://www.rfc-editor.org/rfc/rfc2246.txt},
  note = {\url{http://www.rfc-editor.org/rfc/rfc2246.txt}},
}

@techreport{RFC5246,
  author = {T. Dierks and E. Rescorla},
  title = {The Transport Layer Security (TLS) Protocol Version 1.2},
  howpublished = {Internet Requests for Comments},
  type = {RFC},
  number = {5246},
  year = {2008},
  month = {August},
  issn = {2070-1721},
  publisher = {RFC Editor},
  institution = {RFC Editor},
  url = {http://www.rfc-editor.org/rfc/rfc5246.txt},
  note = {\url{http://www.rfc-editor.org/rfc/rfc5246.txt}},
}

@techreport{RFC7685,
  author = {A. Langley},
  title = {A Transport Layer Security (TLS) ClientHello Padding Extension},
  howpublished = {Internet Requests for Comments},
  type = {RFC},
  number = {7685},
  year = {2015},
  month = {10},
  issn = {2070-1721},
  publisher = {RFC Editor},
  institution = {RFC Editor},
}

@techreport{RFC7627,
  author = {K. Bhargavan and A. Delignat-Lavaud and A. Pironti and A. Langley and M. Ray},
  title = {Transport Layer Security (TLS) Session Hash and Extended Master Secret Extension},
  howpublished = {Internet Requests for Comments},
  type = {RFC},
  number = {7627},
  year = {2015},
  month = {09},
  issn = {2070-1721},
  publisher = {RFC Editor},
  institution = {RFC Editor},
}

@techreport{RFC8446,
  author = {E. Rescorla},
  title = {The Transport Layer Security (TLS) Protocol Version 1.3},
  howpublished = {Internet Requests for Comments},
  type = {RFC},
  number = {8446},
  year = {2018},
  month = {08},
  issn = {2070-1721},
  publisher = {RFC Editor},
  institution = {RFC Editor},
}

@techreport{RFC7469,
  author = {C. Evans and C. Palmer and R. Sleevi},
  title = {Public Key Pinning Extension for HTTP},
  howpublished = {Internet Requests for Comments},
  type = {RFC},
  number = {7469},
  year = {2015},
  month = {April},
  issn = {2070-1721},
  publisher = {RFC Editor},
  institution = {RFC Editor},
  url = {http://www.rfc-editor.org/rfc/rfc7469.txt},
  note = {\url{http://www.rfc-editor.org/rfc/rfc7469.txt}},
}

@techreport{RFC6962,
  author = {B. Laurie and A. Langley and E. Kasper},
  title = {Certificate Transparency},
  howpublished = {Internet Requests for Comments},
  type = {RFC},
  number = {6962},
  year = {2013},
  month = {June},
  issn = {2070-1721},
  publisher = {RFC Editor},
  institution = {RFC Editor},
}

@techreport{RFC7918,
  author = {A. Langley and N. Modadugu and B. Moeller},
  title = {Transport Layer Security (TLS) False Start},
  howpublished = {Internet Requests for Comments},
  type = {RFC},
  number = {7918},
  year = {2016},
  month = {August},
  issn = {2070-1721},
  publisher = {RFC Editor},
  institution = {RFC Editor},
}

@techreport{RFC5869,
  author = {H. Krawczyk and P. Eronen},
  title = {HMAC-based Extract-and-Expand Key Derivation Function (HKDF)},
  howpublished = {Internet Requests for Comments},
  type = {RFC},
  number = {5869},
  year = {2010},
  month = {May},
  issn = {2070-1721},
  publisher = {RFC Editor},
  institution = {RFC Editor},
  url = {http://www.rfc-editor.org/rfc/rfc5869.txt},
  note = {\url{http://www.rfc-editor.org/rfc/rfc5869.txt}},
}

@techreport{RFC8032,
  author = {S. Josefsson and I. Liusvaara},
  title = {Edwards-Curve Digital Signature Algorithm (EdDSA)},
  howpublished = {Internet Requests for Comments},
  type = {RFC},
  number = {8032},
  year = {2017},
  month = {January},
  issn = {2070-1721},
  publisher = {RFC Editor},
  institution = {RFC Editor},
}


@techreport{RFC7748,
  author = {A. Langley and M. Hamburg and S. Turner},
  title = {Elliptic Curves for Security},
  howpublished = {Internet Requests for Comments},
  type = {RFC},
  number = {7748},
  year = {2016},
  month = {January},
  issn = {2070-1721},
  publisher = {RFC Editor},
  institution = {RFC Editor},
}

@misc{rc4.nomore, title={RC4 NOMORE}, url={https://www.rc4nomore.com/}, journal={RC4 NOMORE}}

@misc{shattered, title={SHAttered}, url={https://shattered.io/}, journal={SHAttered}}

@article{logjam, title={Imperfect Forward Secrecy}, DOI={10.1145/2810103.2813707}, journal={Proceedings of the 22nd ACM SIGSAC Conference on Computer and Communications Security - CCS 15}, author={Adrian, David and Valenta, Luke and Vandersloot, Benjamin and Wustrow, Eric and Zanella-BÃ©guelin, Santiago and Zimmermann, Paul and Bhargavan, Karthikeyan and Durumeric, Zakir and Gaudry, Pierrick and Green, Matthew and et al.}, year={2015}}

% TLS bilder
@online{taubert,
  title={More Privacy, Less Latency},
  url={https://timtaubert.de/blog/2015/11/more-privacy-less-latency-improved-handshakes-in-tls-13/},
  journal={More Privacy, Less Latency - Improved Handshakes in TLS version 1.3},
  author={Taubert, Tim},
  urldate={2018-11-26}
}
